@article{AlephOne:StackSmash,
  author = {Aleph One},
  title = {{Smashing the Stack for Fun and Profit}},
  volume = 7,
  issue = 49,
  month = {November},
  day = 8,
  year = 1996,
  journal = "Phrack",
  note  = "\url{http://www.phrack.org/issues/49/14.html} [Online; accessed 11-March-2019]",
}
